<record><leader>00000cas a22000007a 4500</leader><controlfield tag="001">19044433</controlfield><controlfield tag="008">890120d18831895paudn n       0    0eng d</controlfield><datafield ind1=" " ind2=" " tag="010"><subfield code="a">sn 89077791 </subfield></datafield><datafield ind1=" " ind2=" " tag="040"><subfield code="a">NPH</subfield><subfield code="b">eng</subfield><subfield code="c">NPH</subfield><subfield code="d">OCLCQ</subfield></datafield><datafield ind1=" " ind2=" " tag="042"><subfield code="a">msc</subfield></datafield><datafield ind1="0" ind2=" " tag="130"><subfield code="a">Daily chronicle and news (Allentown, Pa. : 1883)</subfield></datafield><datafield ind1="1" ind2="0" tag="245"><subfield code="a">Daily chronicle and news.</subfield></datafield><datafield ind1="1" ind2="3" tag="246"><subfield code="a">Chronicle and news</subfield></datafield><datafield ind1="1" ind2="3" tag="246"><subfield code="a">Daily chronicle, Lehigh Valley daily news and daily herald</subfield></datafield><datafield ind1=" " ind2=" " tag="260"><subfield code="a">Allentown, Pa. :</subfield><subfield code="b">Robt. Iredell, Jr.,</subfield><subfield code="c">1883-1895.</subfield></datafield><datafield ind1=" " ind2=" " tag="300"><subfield code="a">v. :</subfield><subfield code="b">ill. (chiefly advertisements)</subfield></datafield><datafield ind1=" " ind2=" " tag="310"><subfield code="a">Daily (except Sun.)</subfield></datafield><datafield ind1="0" ind2=" " tag="362"><subfield code="a">Vol. 28, no. 4103 (Nov. 30, 1883)-v. 52, no. 5862 (Dec. 31, 1895).</subfield></datafield><datafield ind1=" " ind2=" " tag="752"><subfield code="a">United States</subfield><subfield code="b">Pennsylvania</subfield><subfield code="c">Lehigh</subfield><subfield code="d">Allentown.</subfield></datafield><datafield ind1="0" ind2="0" tag="780"><subfield code="t">Chronicle and news (Allentown, Pa. : 1877)</subfield><subfield code="w">(DLC)sn 84038503</subfield></datafield><datafield ind1="0" ind2="0" tag="785"><subfield code="t">Chronicle and news (Allentown, Pa. : 1896)</subfield><subfield code="w">(DLC)sn 89077790</subfield></datafield></record>